<?xml version="1.0" encoding="UTF-8"?><collection xmlns="http://www.loc.gov/MARC21/slim"><record><leader>00514nam--2200181-i-4500</leader><controlfield tag="001">000005833</controlfield><controlfield tag="002">20161230</controlfield><controlfield tag="005">20161230201026</controlfield><controlfield tag="008">060222s1000------------r-----000-0-eng-d</controlfield><datafield ind1=" " ind2=" " tag="040"><subfield code="a">IFIN-HH</subfield></datafield><datafield ind1=" " ind2=" " tag="080"><subfield code="a">53</subfield></datafield><datafield ind1="1" ind2=" " tag="100"><subfield code="a">Bremmer, H</subfield></datafield><datafield ind1="1" ind2="0" tag="245"><subfield code="a">Selected scientific papers. balthasar van der pol. vol. ii</subfield><subfield code="c">H. bremmer, c.j.bouwkamp (eds.)</subfield></datafield><datafield ind1=" " ind2=" " tag="260"><subfield code="a">Amsterdam</subfield><subfield code="b">North Holland Publishing Company</subfield><subfield code="c">1960</subfield></datafield><datafield ind1=" " ind2=" " tag="300"><subfield code="a">/661/1339P</subfield></datafield><datafield ind1=" " ind2=" " tag="700"><subfield code="a">Bouwkamp, C.J</subfield></datafield><datafield ind1=" " ind2=" " tag="852"><subfield code="a">17248</subfield><subfield code="c">53</subfield></datafield><datafield ind1=" " ind2=" " tag="CAT"><subfield code="a">Sys</subfield><subfield code="c">20150217</subfield><subfield code="h">191445</subfield></datafield></record></collection>